101 081100300 0000000102211041559A094101NVO DEL CHACO          COEL S.A.                     0
5220CHUBB SEG ARG                       3050001626PPDDEB RIO   2211092211100000007200010000001
6370311003000001100340135407900000450860364571345666012750101645710000010000000007200014480587
7990982055188000000341118                                                          00012444820
6373400300001011100340135407900000450860434371003456342750101645710000010000000007200034530587
799013055188000000341118                                                          000123454820
6343311003000001100340135407900000450860564537890006012750101645710000010000000007200014480587
7990772055188000000341118                                                          00012534820
822000627800702230600020513621990000000000003071091158                         014709990000196
9000991002632000000060070223060002051362199000000000000                                      0